@book{baase:fire,
	author = "Sara Baase",
	title = "A gift of fire : social, legal, and ethical issues for computing technology",
	year = "2013",
	publisher = "Boston, Mass. [u.a.] : Pearson",
	address = "Boston, Mass. [u.a.]",
	edition = "4. ed., internat. ed.",
}

@Inbook{Wolf2015,
	author="Wolf, Ingo",
	editor="Maurer, Markus
	and Gerdes, J. Christian
	and Lenz, Barbara
	and Winner, Hermann",
	title="Wechselwirkung {M}ensch und autonomer {A}gent",
	bookTitle="Autonomes Fahren: Technische, rechtliche und gesellschaftliche Aspekte",
	year="2015",
	publisher="Springer Berlin Heidelberg",
	address="Berlin, Heidelberg",
	pages="103--125",
	isbn="978-3-662-45854-9",
	doi="10.1007/978-3-662-45854-9_6",
	url="http://dx.doi.org/10.1007/978-3-662-45854-9_6"
}

@Article{Gogoll2016,
	author="Gogoll, Jan
	and M{\"u}ller, Julian F.",
	title="Autonomous Cars: In Favor of a Mandatory Ethics Setting",
	journal="Science and Engineering Ethics",
	year="2016",
	pages="1--20",
	issn="1471-5546",
	doi="10.1007/s11948-016-9806-x",
	url="http://dx.doi.org/10.1007/s11948-016-9806-x"
}

@misc{bmvi2015,
	author={{Bundesministerium f√ºr Verkehr und digitale Infrastruktur}},
	title="Strategie automatisiertes und vernetztes {F}ahren: {L}eitanbieter bleiben, {L}eitmarkt werden, {R}egelbetrieb einleiten",
	publisher="BMVI",
	year="2015",
	address="Berlin",
	howpublished = "Brosch\"ure",
	url="http://www.bmvi.de/SharedDocs/DE/Publikationen/StB/broschuere-strategie-automatisiertes-vernetztes-fahren.pdf?__blob=publicationFile"
}
